<?xml version="1.0" encoding="UTF-8"?><record xmlns="http://www.loc.gov/MARC21/slim" xmlns:cinclude="http://apache.org/cocoon/include/1.0" xmlns:zs="http://www.loc.gov/zing/srw/">
  <leader>00591cz  a2200157n  4500</leader>
  <controlfield tag="001">no 99029988 </controlfield>
  <controlfield tag="003">DLC</controlfield>
  <controlfield tag="005">20040728172056.0</controlfield>
  <controlfield tag="008">990429n| acannaabn          |a ana      </controlfield>
  <datafield tag="010" ind1=" " ind2=" ">
    <subfield code="a">no 99029988 </subfield>
  </datafield>
  <datafield tag="035" ind1=" " ind2=" ">
    <subfield code="a">(OCoLC)oca04974404</subfield>
  </datafield>
  <datafield tag="040" ind1=" " ind2=" ">
    <subfield code="a">DLC-ON</subfield>
    <subfield code="c">DLC-ON</subfield>
    <subfield code="d">DLC</subfield>
  </datafield>
  <datafield tag="110" ind1="2" ind2=" ">
    <subfield code="a">University of Michigan.</subfield>
    <subfield code="b">Sikh Studies Program</subfield>
  </datafield>
  <datafield tag="410" ind1="2" ind2=" ">
    <subfield code="a">Michigan Sikh Studies Program</subfield>
  </datafield>
  <datafield tag="670" ind1=" " ind2=" ">
    <subfield code="a">Sikh identity, 1999:</subfield>
    <subfield code="b">p. facing t.p. (Sikh Studies Program, University of Michigan)</subfield>
  </datafield>
  <datafield tag="670" ind1=" " ind2=" ">
    <subfield code="a">Sikhism and history, 2004:</subfield>
    <subfield code="b">p. v (Sikh Studies Program, University of Michigan) p. ix (Michigan Sikh Studies Program)</subfield>
  </datafield>
</record>